<?xml version="1.0" encoding="UTF-8"?><collection xmlns="http://www.loc.gov/MARC21/slim"><record><leader>00461nam--2200121-i-4500</leader><controlfield tag="001">000027413</controlfield><controlfield tag="002">20161230</controlfield><controlfield tag="005">20161230201036</controlfield><controlfield tag="008">060222s1000------------r-----000-0-eng-d</controlfield><datafield ind1=" " ind2=" " tag="245"><subfield code="a">Inventgaire d`appareils electriques de mesure utilises en relation avec les rayonnements ionisants</subfield></datafield><datafield ind1=" " ind2=" " tag="260"><subfield code="a">Geneve, Bureau Central De La Commission Electrotechnique Internationale, 1964, 62p</subfield></datafield><datafield ind1=" " ind2=" " tag="490"><subfield code="a">Commission Electrotechnique Internationale, Publication 181</subfield></datafield><datafield ind1=" " ind2=" " tag="852"><subfield code="a">21938</subfield></datafield></record></collection>